@InProceedings{paper_stinson_strobl,
  author="Stinson, Douglas R.
  and Strobl, Reto",
  editor="Varadharajan, Vijay
  and Mu, Yi",
  title="Provably Secure Distributed Schnorr Signatures and a (t, n) Threshold Scheme for Implicit Certificates",
  booktitle="Information Security and Privacy",
  year="2001",
  publisher="Springer Berlin Heidelberg",
  address="Berlin, Heidelberg",
  pages="417--434",
  abstract="In a (t, n) threshold digital signature scheme, t out of n signers must co-operate to issue a signature. We present an efficient and robust (t, n) threshold version of Schnorr's signature scheme. We prove it to be as secure as Schnorr's signature scheme, i.e., existentially unforgeable under adaptively chosen message attacks. The signature scheme is then incorporated into a (t,n) threshold scheme for implicit certificates. We prove the implicit certificate scheme to be as secure as the distributed Schnorr signature scheme.",
  isbn="978-3-540-47719-8"
}


@misc{paper_threshold_zk,
  author = {Marcel Keller and Gert Læssøe Mikkelsen and Andy Rupp},
  title = {Efficient Threshold Zero-Knowledge with Applications to User-Centric Protocols},
  howpublished = {Cryptology {ePrint} Archive, Paper 2012/306},
  year = {2012},
  url = {https://eprint.iacr.org/2012/306}
}

@inproceedings{paper_homomorphism,
  author       = {Ueli M. Maurer},
  editor       = {Bart Preneel},
  title        = {Unifying Zero-Knowledge Proofs of Knowledge},
  booktitle    = {Progress in Cryptology - {AFRICACRYPT} 2009, Second International
                  Conference on Cryptology in Africa, Gammarth, Tunisia, June 21-25,
                  2009. Proceedings},
  series       = {Lecture Notes in Computer Science},
  volume       = {5580},
  pages        = {272--286},
  publisher    = {Springer},
  year         = {2009},
  url          = {https://doi.org/10.1007/978-3-642-02384-2\_17},
  doi          = {10.1007/978-3-642-02384-2\_17},
  timestamp    = {Tue, 14 May 2019 10:00:52 +0200},
  biburl       = {https://dblp.org/rec/conf/africacrypt/Maurer09.bib},
  bibsource    = {dblp computer science bibliography, https://dblp.org}
}

@inproceedings{paper_bellare_musig,
  title={Multi-signatures in the plain public-Key model and a general forking lemma},
  author={Mihir Bellare and Gregory Neven},
  booktitle={Conference on Computer and Communications Security},
  year={2006},
  url={https://api.semanticscholar.org/CorpusID:6587961}
}

@article{paper_schnorr,
  title={Efficient signature generation by smart cards},
  author={Claus-Peter Schnorr},
  journal={Journal of Cryptology},
  year={2004},
  volume={4},
  pages={161-174},
  url={https://api.semanticscholar.org/CorpusID:10976365}
}

@inproceedings{paper_bellare_palacio,
  title={GQ and Schnorr Identification Schemes: Proofs of Security against Impersonation under Active and Concurrent Attacks},
  booktitle={Advances in Cryptology - CRYPTO 2002, 22nd Annual International Cryptology Conference, Santa Barbara, California, USA, August 18-22, 2002, Proceedings},
  series={Lecture Notes in Computer Science},
  publisher={Springer},
  volume={2442},
  pages={162-177},
  url={https://iacr.org/archive/crypto2002/24420162/24420162.pdf},
  doi={10.1007/3-540-45708-9_11},
  author={Mihir Bellare and Adriana Palacio},
  year=2002
}

@misc{paper_frost,
  author = {Chelsea Komlo and Ian Goldberg},
  title = {{FROST}: Flexible Round-Optimized Schnorr Threshold Signatures},
  howpublished = {Cryptology {ePrint} Archive, Paper 2020/852},
  year = {2020},
  url = {https://eprint.iacr.org/2020/852}
}

@article{paper_bellare_omdl,
  title={The One-More-RSA-Inversion Problems and the Security of Chaum's Blind Signature Scheme},
  journal={J. Cryptology},
  volume={16},
  pages={185-215},
  doi={10.1007/s00145-002-0120-1},
  author={Mihir Bellare and Chanathip Namprempre and David Pointcheval and Michael Semanko},
  year=2003
}

@article{paper_shamir,
  author       = {Adi Shamir},
  title        = {How to Share a Secret},
  journal      = {Commun. {ACM}},
  volume       = {22},
  number       = {11},
  pages        = {612--613},
  year         = {1979},
  url          = {https://doi.org/10.1145/359168.359176},
  doi          = {10.1145/359168.359176},
  timestamp    = {Fri, 24 Mar 2023 16:31:07 +0100},
  biburl       = {https://dblp.org/rec/journals/cacm/Shamir79.bib},
  bibsource    = {dblp computer science bibliography, https://dblp.org}
}

@inproceedings{paper_pointcheval_stern_1,
  title={Security Proofs for Signature Schemes},
  booktitle={Advances in Cryptology - EUROCRYPT '96, International Conference on the Theory and Application of Cryptographic Techniques, Saragossa, Spain, May 12-16, 1996, Proceeding},
  series={Lecture Notes in Computer Science},
  publisher={Springer},
  volume={1070},
  pages={387-398},
  doi={10.1007/3-540-68339-9_33},
  author={David Pointcheval and Jacques Stern},
  year=1996
}

@article{paper_pointcheval_stern_2,
  title={Security Arguments for Digital Signatures and Blind Signatures},
  journal={J. Cryptology},
  volume={13},
  pages={361-396},
  doi={10.1007/s001450010003},
  author={David Pointcheval and Jacques Stern},
  year=2000
}

@misc{paper_bellare_local_forking,
      author = {Mihir Bellare and Wei Dai and Lucy Li},
      title = {The Local Forking Lemma and its Application to Deterministic Encryption},
      howpublished = {Cryptology {ePrint} Archive, Paper 2019/1017},
      year = {2019},
      url = {https://eprint.iacr.org/2019/1017}
}
